@Book{Helen_Weeks,
  title = {Peeks at the Weeks},
  author = {Helen Weeks},
  publisher = {},
  address = {},
  year = {},
  edition = {},
  note = {},
  url = {https://beggarsborn.com/peeks-at-the-weeks/},
}
